@online{threejsfundamentals,
  url={https://threejsfundamentals.org/threejs/lessons/threejs-fundamentals.html},
}

@ARTICLE{Brooks87nosilver,
    author = {Frederick P. Brooks},
    title = {No Silver Bullet: Essence and Accidents of Software Engineering},
    journal = {IEEE Computer},
    year = {1987},
    volume = {20},
    pages = {10--19}
}

@journal{Exemplar,
    author = {Chih-Hsing Chu, Ya-Tien Tsai,Charlie C.L. Wang},
    title = {Exemplar-based statistical model for semantic parametric design of human body},
    publication =  {Computers in Industry},
    year = {2010},
    Publisher= {Elsevier}
}

@journal{StatisticalShapeSpaces,
    author = {Leonid Pishchulin, Stefanie Wuhrer, Thomas Helten},
    title = {Building Statistical Shape Spaces for
3D Human Modeling},
}

@journal{poisson,
author={Michael Kazhdan, Hugues Hoppe},
title={Screened poisson surface reconstruction},
publication={ACM Transactions on Graphics},
year = 2013 
}

@inproceedings {meshlab,
booktitle = {Eurographics Italian Chapter Conference},
editor = {Vittorio Scarano and Rosario De Chiara and Ugo Erra},
title = {{MeshLab: an Open-Source Mesh Processing Tool}},
author = {Cignoni, Paolo and Callieri, Marco and Corsini, Massimiliano and Dellepiane, Matteo and Ganovelli, Fabio and Ranzuglia, Guido},
year = {2008},
publisher = {The Eurographics Association},
ISBN = {978-3-905673-68-5},
DOI = {10.2312/LocalChapterEvents/ItalChap/ItalianChapConf2008/129-136}
}


@ARTICLE{sphericalParam,
    author = { Craig Gotsman, Xianfeng Gu, Alla Sheffer},
    title = {Fundamentals of spherical parameterization for 3D meshes},
    publication ={SIGGRAPH '03: ACM SIGGRAPH Papers},
    year = {2003},
    pages = {358--363}
}

